<record><leader>00000cas a22000007a 4500</leader><controlfield tag="001">15648711</controlfield><controlfield tag="008">870508d19421945msudr ne      0    0eng d</controlfield><datafield ind1=" " ind2=" " tag="010"><subfield code="a">sn 87065370 </subfield></datafield><datafield ind1=" " ind2=" " tag="040"><subfield code="a">MJA</subfield><subfield code="b">eng</subfield><subfield code="c">MJA</subfield><subfield code="d">MSJ</subfield><subfield code="d">OCLCQ</subfield></datafield><datafield ind1=" " ind2=" " tag="042"><subfield code="a">msc</subfield></datafield><datafield ind1="0" ind2=" " tag="130"><subfield code="a">McComb enterprise (McComb, Miss. : 1942)</subfield></datafield><datafield ind1="1" ind2="4" tag="245"><subfield code="a">The McComb enterprise.</subfield></datafield><datafield ind1=" " ind2=" " tag="260"><subfield code="a">McComb, Miss. :</subfield><subfield code="b">J.O. Emmerich,</subfield><subfield code="c">-1945.</subfield></datafield><datafield ind1=" " ind2=" " tag="310"><subfield code="a">Daily (except Sun.)</subfield></datafield><datafield ind1="1" ind2=" " tag="362"><subfield code="a">Began in 1942.</subfield></datafield><datafield ind1="0" ind2=" " tag="362"><subfield code="a">-[v. 53] no. 217 (Jun. 1, 1945).</subfield></datafield><datafield ind1=" " ind2=" " tag="500"><subfield code="a">The phrase "pioneers of progress since 1889" appears in masthead.</subfield></datafield><datafield ind1=" " ind2=" " tag="515"><subfield code="a">Vol. 53, no. 217 misnumbered v. 54.</subfield></datafield><datafield ind1=" " ind2=" " tag="515"><subfield code="a">Numbering changed from a "year" plus a daily numbering designation to a volume designation.</subfield></datafield><datafield ind1=" " ind2=" " tag="588"><subfield code="a">Description based on: 54th yr., no. 11 (Sept. 12, 1942).</subfield></datafield><datafield ind1=" " ind2=" " tag="752"><subfield code="a">United States</subfield><subfield code="b">Mississippi</subfield><subfield code="c">Pike</subfield><subfield code="d">McComb.</subfield></datafield><datafield ind1="0" ind2="0" tag="780"><subfield code="t">McComb daily enterprise</subfield><subfield code="w">(OCoLC)15648507</subfield></datafield><datafield ind1="0" ind2="7" tag="785"><subfield code="t">McComb daily journal</subfield><subfield code="w">(OCoLC)15648602</subfield></datafield><datafield ind1="0" ind2="7" tag="785"><subfield code="t">McComb enterprise-journal</subfield><subfield code="w">(OCoLC)15648812</subfield></datafield></record>